@book{ridge_collective_2021,
doi = {10.21428/a5d7554f.1b80974b},
url = {https://britishlibrary.pubpub.org/the-collective-wisdom-handbook-perspectives-on-crowdsourcing-in-cultural-heritage---community-review-version},
date = {2021-04-29},
title = {The Collective Wisdom Handbook: Perspectives on Crowdsourcing in Cultural Heritage - community review version},
author = {given={Mia}, family={Ridge} and given={Samantha}, family={Blickhan} and given={Meghan}, family={Ferriter}},
edition = {1},
urldate = {2022-06-02},
keywords = {Citizen Science, Crowdsourcing, Wiki4Culture},
publisher = {PubPub}
}

@online{FidusWriter,
url = {https://openglam.org/principles/},
title = {OpenGLAM Principles}
}